@article{werker1984cross,
  title={Cross-language speech perception: Evidence for perceptual reorganization during the first year of life},
  author={Werker, Janet F and Tees, Richard C},
  journal={Infant behavior and development},
  volume={7},
  number={1},
  pages={49--63},
  year={1984},
  publisher={Elsevier},
  url={https://doi.org/10.1016/S0163-6383(84)80022-3},
}

@article{weber2012models,
  title={Models of spoken-word recognition},
  author={Weber, Andrea and Scharenborg, Odette},
  journal={Wiley Interdisciplinary Reviews: Cognitive Science},
  volume={3},
  number={3},
  pages={387--401},
  year={2012},
  publisher={Wiley Online Library},
  doi={10.1002/wcs.1178},
}

@article{tourville2011diva,
  title={The DIVA model: A neural theory of speech acquisition and production},
  author={Tourville, Jason A and Guenther, Frank H},
  journal={Language and cognitive processes},
  volume={26},
  number={7},
  pages={952--981},
  year={2011},
  publisher={Taylor \& Francis},
  url={https://doi.org/10.1080/01690960903498424},
}

@article{steels1997synthetic,
  title={The synthetic modeling of language origins},
  author={Steels, Luc},
  journal={Evolution of communication},
  volume={1},
  number={1},
  pages={1--34},
  year={1997},
  publisher={John Benjamins},
  url={https://doi.org/10.1075/eoc.1.1.02ste},
}

@article{saffran2018infant,
  title={Infant statistical learning},
  author={Saffran, Jenny R and Kirkham, Natasha Z},
  journal={Annual review of psychology},
  volume={69},
  pages={181--203},
  year={2018},
  publisher={Annual Reviews},
  url={https://doi.org/10.1146/annurev-psych-122216-011805},
}

@article{saffran1996statistical,
  title={Statistical learning by 8-month-old infants},
  author={Saffran, Jenny R and Aslin, Richard N and Newport, Elissa L},
  journal={Science},
  volume={274},
  number={5294},
  pages={1926--1928},
  year={1996},
  publisher={American Association for the Advancement of Science},
  url={https://doi.org/10.1126/science.274.5294.1926},
}

@article{rasanen2018pre,
  title={Pre-linguistic segmentation of speech into syllable-like units},
  author={R{\"a}s{\"a}nen, Okko and Doyle, Gabriel and Frank, Michael C},
  journal={Cognition},
  volume={171},
  pages={130--150},
  year={2018},
  publisher={Elsevier},
  url={https://doi.org/10.1016/j.cognition.2017.11.003},
}

@article{rasilo2017online,
  title={An online model for vowel imitation learning},
  author={Rasilo, Heikki and R{\"a}s{\"a}nen, Okko},
  journal={Speech Communication},
  volume={86},
  pages={1--23},
  year={2017},
  publisher={Elsevier},
  url={https://doi.org/10.1016/j.specom.2016.10.010},
}

@article{rasanen2015joint,
  title={A joint model of word segmentation and meaning acquisition through cross-situational learning.},
  author={R{\"a}s{\"a}nen, Okko and Rasilo, Heikki},
  journal={Psychological review},
  volume={122},
  number={4},
  pages={792},
  year={2015},
  publisher={American Psychological Association},
  url={https://psycnet.apa.org/doi/10.1037/a0039702},
}

@article{rasanen2012computational,
  title={Computational modeling of phonetic and lexical learning in early language acquisition: Existing models and future directions},
  author={R{\"a}s{\"a}nen, Okko},
  journal={Speech Communication},
  volume={54},
  number={9},
  pages={975--997},
  year={2012},
  publisher={Elsevier},
  url={https://doi.org/10.1016/j.specom.2012.05.001},
}

@incollection{oudeyer2019computational,
  title={Computational and robotic models of early language development: A review.},
  author={Oudeyer, Pierre-Yves and Kachergis, George and Schueller, William},
  editor={J.S. Horst and J. von Koss Torkildsen}, 
  booktitle= {International handbook of language acquisition},
  year={2019},
  publisher={Routledge/Taylor \& Francis Group},
  url={https://psycnet.apa.org/doi/10.4324/9781315110622-5},
}

@article{norris1994shortlist,
  title={Shortlist: A connectionist model of continuous speech recognition},
  author={Norris, Dennis},
  journal={Cognition},
  volume={52},
  number={3},
  pages={189--234},
  year={1994},
  publisher={Elsevier},
  url={https://doi.org/10.1016/0010-0277(94)90043-4},
}

@inproceedings{nagamine2015exploring,
  title={Exploring how deep neural networks form phonemic categories},
  author={Nagamine, Tasha and Seltzer, Michael L and Mesgarani, Nima},
  booktitle={Sixteenth Annual Conference of the International Speech Communication Association},
  year={2015},
  url={https://www.isca-speech.org/archive_v0/interspeech_2015/papers/i15_1912.pdf},
}

@article{maye2002infant,
  title={Infant sensitivity to distributional information can affect phonetic discrimination},
  author={Maye, Jessica and Werker, Janet F and Gerken, LouAnn},
  journal={Cognition},
  volume={82},
  number={3},
  pages={B101--B111},
  year={2002},
  publisher={Elsevier},
  url={https://doi.org/10.1016/S0010-0277(01)00157-3},
}

@article{maeda1988improved,
  title={Improved articulatory models},
  author={Maeda, Shinji},
  journal={The Journal of the Acoustical Society of America},
  volume={84},
  number={S1},
  pages={S146--S146},
  year={1988},
  publisher={Acoustical Society of America},
  url={https://doi.org/10.1121/1.2025845},
}

@article{mcclelland1986trace,
  title={The TRACE model of speech perception},
  author={McClelland, James L and Elman, Jeffrey L},
  journal={Cognitive psychology},
  volume={18},
  number={1},
  pages={1--86},
  year={1986},
  publisher={Elsevier},
  url={https://doi.org/10.1016/0010-0285(86)90015-0},
}

@article{magnuson2020earshot,
  title={EARSHOT: A minimal neural network model of incremental human speech recognition},
  author={Magnuson, James S and You, Heejo and Luthra, Sahil and Li, Monica and Nam, Hosung and Escabi, Monty and Brown, Kevin and Allopenna, Paul D and Theodore, Rachel M and Monto, Nicholas and others},
  journal={Cognitive science},
  volume={44},
  number={4},
  pages={e12823},
  year={2020},
  publisher={Wiley Online Library},
  url={https://doi.org/10.1111/cogs.12823},
}

@book{marr2010vision,
  title={Vision: A computational investigation into the human representation and processing of visual information},
  author={Marr, David},
  publisher={W.H. Freeman and Company},
  year={1982}
}

@article{kirby2002natural,
  title={Natural language from artificial life},
  author={Kirby, Simon},
  journal={Artificial life},
  volume={8},
  number={2},
  pages={185--215},
  year={2002},
  publisher={MIT Press One Rogers Street},
  url={https://doi.org/10.1162/106454602320184248},
}

@article{kamper2017segmental,
  title={A segmental framework for fully-unsupervised large-vocabulary speech recognition},
  author={Kamper, Herman and Jansen, Aren and Goldwater, Sharon},
  journal={Computer Speech \& Language},
  volume={46},
  pages={154--174},
  year={2017},
  publisher={Elsevier},
  url={https://doi.org/10.1016/j.csl.2017.04.008},
}

@article{kakouros20163pro,
  title={3PRO--An unsupervised method for the automatic detection of sentence prominence in speech},
  author={Kakouros, Sofoklis and R{\"a}s{\"a}nen, Okko},
  journal={Speech Communication},
  volume={82},
  pages={67--84},
  year={2016},
  publisher={Elsevier},
  url={https://doi.org/10.1016/j.specom.2016.06.004},
}

@article{howard2014learning,
  title={Learning to pronounce first words in three languages: An investigation of caregiver and infant behavior using a computational model of an infant},
  author={Howard, Ian S and Messum, Piers},
  journal={PLoS One},
  volume={9},
  number={10},
  pages={e110334},
  year={2014},
  publisher={Public Library of Science San Francisco, USA},
  url={https://doi.org/10.1371/journal.pone.0110334},
}

@article{havard2017speech,
  title={Speech-coco: 600k visually grounded spoken captions aligned to mscoco data set},
  author={Havard, William and Besacier, Laurent and Rosec, Olivier},
  journal={arXiv preprint arXiv:1707.08435},
  year={2017},
  url={https://doi.org/10.21437/GLU.2017-9},
}

@article{dupoux2018cognitive,
  title={Cognitive science in the era of artificial intelligence: A roadmap for reverse-engineering the infant language-learner},
  author={Dupoux, Emmanuel},
  journal={Cognition},
  volume={173},
  pages={43--59},
  year={2018},
  publisher={Elsevier},
  url={https://doi.org/10.1016/j.cognition.2017.11.008},
}

@article{birkholz2015contribution,
  title={The contribution of phonation type to the perception of vocal emotions in German: An articulatory synthesis study},
  author={Birkholz, Peter and Martin, Lucia and Willmes, Klaus and Kr{\"o}ger, Bernd J and Neuschaefer-Rube, Christiane},
  journal={The Journal of the Acoustical Society of America},
  volume={137},
  number={3},
  pages={1503--1512},
  year={2015},
  publisher={Acoustical Society of America},
  url={https://doi.org/10.1121/1.4906836},
}

@phdthesis{birkholz3d,
  title={3D-Artikulatorische Sprachsynthese},
  author={Birkholz, Peter},
  publisher={Logos Verlag},
  school={der Universit√§t Rostock},
  language={German},
  year = 2005,
  url={https://www.vocaltractlab.de/publications/birkholz-2005-dissertation.pdf},
}

@article{martin2001noise,
  title={Noise power spectral density estimation based on optimal smoothing and minimum statistics},
  author={Martin, Rainer},
  journal={IEEE Transactions on speech and audio processing},
  volume={9},
  number={5},
  pages={504--512},
  year={2001},
  publisher={IEEE},
  url={https://doi.org/10.1109/89.928915},
}


@book{benesty2008springer,
  title={Springer handbook of speech processing},
  author={Benesty, Jacob and Sondhi, M Mohan and Huang, Yiteng and others},
  volume={1},
  publisher={Springer},
  url={https://doi.org/10.1007/978-3-540-49127-9},
  year=2008,
}


@article{boll1979suppression,
  title={Suppression of acoustic noise in speech using spectral subtraction},
  author={Boll, Steven},
  journal={IEEE Transactions on acoustics, speech, and signal processing},
  volume={27},
  number={2},
  pages={113--120},
  year={1979},
  publisher={IEEE},
  url={https://doi.org/10.1109/TASSP.1979.1163209},
}


@article{edps2019techdispatch,
  title={Smart Speakers and Virtual Assistants},
  journal = {TechDispatch #1:},
  publisher = {European Data Protection Supervisor},
  author = {Xabier Lareo},
  editor = {Thomas Zerdick},
  year = 2019,
  url = {https://data.europa.eu/doi/10.2804/004275},
}

@book{gasiorek2018message,
  title={Message processing: The science of creating understanding},
  author={Gasiorek, Jessica},
  year={2018},
  publisher={UH M{\=a}noa Outreach College},
  url={http://pressbooks-dev.oer.hawaii.edu/messageprocessing/},
}


@book{backstrom2017speech,
  title={Speech coding: with code-excited linear prediction},
  author={B{\"a}ckstr{\"o}m, Tom and J√©r√©mie Lecomte and Guillaume Fuchs and Sascha Disch and Christian Uhle},
  year={2017},
  publisher={Springer},
  url={https://doi.org/10.1007/978-3-319-50204-5},
}

@article{noll1975comparative,
  title={A comparative study of various quantization schemes for speech encoding},
  author={Noll, Peter},
  journal={Bell System Technical Journal},
  volume={54},
  number={9},
  pages={1597--1614},
  year={1975},
  publisher={Wiley Online Library},
  url={https://doi.org/10.1002/j.1538-7305.1975.tb02053.x},
}

@article{zhang2017hello,
  title={Hello edge: Keyword spotting on microcontrollers},
  author={Zhang, Yundong and Suda, Naveen and Lai, Liangzhen and Chandra, Vikas},
  journal={arXiv preprint arXiv:1711.07128},
  year={2017},
  url={https://doi.org/10.48550/arXiv.1711.07128},
}

@phdthesis{zhang2019strategies,
  title={Strategies for Handling Out-of-Vocabulary Words in Automatic Speech Recognition},
  author={Zhang, Xiaohui},
  year={2019},
  school={Johns Hopkins University},
  url={http://jhir.library.jhu.edu/handle/1774.2/62275},
}

@inproceedings{hunt1996unit,
  title={Unit selection in a concatenative speech synthesis system using a large speech database},
  author={Hunt, Andrew J and Black, Alan W},
  booktitle={1996 IEEE International Conference on Acoustics, Speech, and Signal Processing Conference Proceedings},
  volume={1},
  pages={373--376},
  year={1996},
  organization={IEEE},
  url={https://doi.org/10.1109/ICASSP.1996.541110},
}

@article{rabiner2007introduction,
  title={Introduction to digital speech processing},
  author={Rabiner, Lawrence R and Schafer, Ronald W},
  journal={Foundations and Trends in Signal Processing},
  volume={1},
  number={1},
  pages={1--194},
  year={2007},
  publisher={Now Publishers Inc. Hanover, MA, USA},
  url={https://doi.org/10.1561/2000000001},
}

@article{nautsch2019gdpr,
  title={The GDPR \& speech data: Reflections of legal and technology communities, first steps towards a common understanding},
  author={Nautsch, Andreas and Jasserand, Catherine and Kindt, Els and Todisco, Massimiliano and Trancoso, Isabel and Evans, Nicholas},
  journal={arXiv preprint arXiv:1907.03458},
  year={2019},
  url={https://doi.org/10.21437/Interspeech.2019-2647},
}
